@book{cohn2004user,
  title={User stories applied: For agile software development},
  author={Cohn, Mike},
  year={2004},
  publisher={Addison-Wesley Professional}
}
@article{coelho2012effort,
  title={Effort estimation in agile software development using story points},
  author={Coelho, Evita and Basu, Anirban},
  journal={International Journal of Applied Information Systems (IJAIS)},
  volume={3},
  number={7},
  year={2012}
}
@article{sim2014empowering,
  title={Empowering requirements engineering activities with personas},
  author={Sim, Wee Wee and Brouse, Peggy S},
  journal={Procedia Computer Science},
  volume={28},
  pages={237--246},
  year={2014},
  publisher={Elsevier}
}
@article{calero2013towards,
  title={Towards a software product sustainability model},
  author={Calero, Coral and Moraga, M and Bertoa, Manuel F},
  journal={arXiv preprint arXiv:1309.1640},
  year={2013}
}
@book{adams2015nonfunctional,
  title={Nonfunctional requirements in systems analysis and design},
  author={Adams, Kevin MacG and others},
  volume={28},
  year={2015},
  publisher={Springer}
}
@book{cleland2012software,
  title={Software and systems traceability},
  author={Cleland-Huang, Jane and Gotel, Orlena and Zisman, Andrea and others},
  volume={2},
  number={3},
  year={2012},
  publisher={Springer}
}
@inproceedings{cleland2014software,
  title={Software traceability: trends and future directions},
  author={Cleland-Huang, Jane and Gotel, Orlena CZ and Huffman Hayes, Jane and M{\"a}der, Patrick and Zisman, Andrea},
  booktitle={Proceedings of the on Future of Software Engineering},
  pages={55--69},
  year={2014},
  organization={ACM}
}
@inproceedings{popli2014prioritising,
  title={Prioritising user stories in agile environment},
  author={Popli, Rashmi and Chauhan, Naresh and Sharma, Hemant},
  booktitle={2014 International Conference on Issues and Challenges in Intelligent Computing Techniques (ICICT)},
  pages={515--519},
  year={2014},
  organization={IEEE}
}



