@article{dey2001understanding,
  title={Understanding and using context},
  author={Dey, Anind K},
  journal={Personal and ubiquitous computing},
  volume={5},
  number={1},
  pages={4--7},
  year={2001},
  publisher={Springer-Verlag}
}
@book{alexander2009discovering,
  title={Discovering requirements: how to specify products and services},
  author={Alexander, Ian F and Beus-Dukic, Ljerka},
  year={2009},
  publisher={John Wiley \& Sons}
}
@book{fernandes2016requirements,
  title={Requirements in engineering projects},
  author={Fernandes, Jo{\~a}o M and Machado, Ricardo J},
  year={2016},
  publisher={Springer}
}

@article{chan2013station,
  title={A station-level ridership model for the metro network in Montreal, Quebec},
  author={Chan, Sabrina and Miranda-Moreno, Luis},
  journal={Canadian Journal of Civil Engineering},
  volume={40},
  number={3},
  pages={254--262},
  year={2013},
  publisher={NRC Research Press}
}
@book{kulak2012use,
  title={Use cases: requirements in context},
  author={Kulak, Daryl and Guiney, Eamonn},
  year={2012},
  publisher={Addison-Wesley}
}
@book{laplante2017requirements,
  title={Requirements engineering for software and systems},
  author={Laplante, Phillip A},
  year={2017},
  publisher={Auerbach Publications}
}
@book{prieto1991domain,
  title={Domain analysis and software systems modeling},
  author={Prieto-Diaz, Ruben and Arango, Guillermo},
  year={1991},
  publisher={IEEE Computer Society Press}
}
@book{umlpk,
  title={UML Modeling Guidelines: A Reference},
  author={P. Kamthan},
}
